<record><leader>00000cas a2200000 a 4500</leader><controlfield tag="001">11688688</controlfield><controlfield tag="008">850213d19521989ksuwr ne      0   a0eng d</controlfield><datafield ind1=" " ind2=" " tag="010"><subfield code="a">sn 85030040 </subfield></datafield><datafield ind1=" " ind2=" " tag="040"><subfield code="a">KSH</subfield><subfield code="b">eng</subfield><subfield code="c">KSH</subfield><subfield code="d">NPT</subfield><subfield code="d">OCL</subfield><subfield code="d">OCLCQ</subfield></datafield><datafield ind1=" " ind2=" " tag="042"><subfield code="a">msc</subfield></datafield><datafield ind1="0" ind2=" " tag="130"><subfield code="a">Cunningham clipper (Cunningham, Kan. : 1952)</subfield></datafield><datafield ind1="1" ind2="4" tag="245"><subfield code="a">The Cunningham clipper.</subfield></datafield><datafield ind1=" " ind2=" " tag="260"><subfield code="a">Cunningham, Kan. :</subfield><subfield code="b">William A. Bradley,</subfield><subfield code="c">1952-1989.</subfield></datafield><datafield ind1=" " ind2=" " tag="300"><subfield code="a">v. :</subfield><subfield code="b">ill. ;</subfield><subfield code="c">37-55 cm.</subfield></datafield><datafield ind1=" " ind2=" " tag="310"><subfield code="a">Weekly</subfield></datafield><datafield ind1="0" ind2=" " tag="362"><subfield code="a">Vol. 41, no. 29 (Apr. 4, 1952)-v. 85, no. 44 (June 29, 1972) ; v. 85, no. 45 (Jan. 17, 1974)-v. 101, no. 35 (Nov. 9, 1989).</subfield></datafield><datafield ind1=" " ind2=" " tag="500"><subfield code="a">Published by: Tribune Pub. Co. &amp; Charles G. Barnes, Jan. 17, 1974-Nov. 9, 1989.</subfield></datafield><datafield ind1=" " ind2=" " tag="515"><subfield code="a">Suspended with June 29, 1972 issue; resumed with Jan. 17, 1974 issue.</subfield></datafield><datafield ind1=" " ind2=" " tag="752"><subfield code="a">United States</subfield><subfield code="b">Kansas</subfield><subfield code="c">Kingman</subfield><subfield code="d">Cunningham.</subfield></datafield><datafield ind1="0" ind2="0" tag="780"><subfield code="t">Cunningham clipper weekly</subfield><subfield code="w">(DLC)sn 85030039</subfield></datafield></record>